<?xml version="1.0" encoding="UTF-8"?><record xmlns="http://www.loc.gov/MARC21/slim" xmlns:cinclude="http://apache.org/cocoon/include/1.0" xmlns:zs="http://www.loc.gov/zing/srw/">
  <leader>00604cz  a2200133n  4500</leader>
  <controlfield tag="001">n  99050655 </controlfield>
  <controlfield tag="003">DLC</controlfield>
  <controlfield tag="005">20070704074947.0</controlfield>
  <controlfield tag="008">990712n| acannaabn          |a ana      </controlfield>
  <datafield tag="010" ind1=" " ind2=" ">
    <subfield code="a">n  99050655 </subfield>
  </datafield>
  <datafield tag="040" ind1=" " ind2=" ">
    <subfield code="a">DLC</subfield>
    <subfield code="b">eng</subfield>
    <subfield code="c">DLC</subfield>
    <subfield code="d">DLC</subfield>
  </datafield>
  <datafield tag="110" ind1="2" ind2=" ">
    <subfield code="a">Metro Parks, Serving Summit County (Organization : Ohio)</subfield>
  </datafield>
  <datafield tag="410" ind1="2" ind2=" ">
    <subfield code="a">Metro Parks (Organization : Summit County, Ohio)</subfield>
  </datafield>
  <datafield tag="670" ind1=" " ind2=" ">
    <subfield code="a">75 years of treasures &amp; pleasures, c1998:</subfield>
    <subfield code="b">t.p. (Metro Parks, Serving Summit County) p. 1 (acquires, conserves, and manages natural resources to provide a system of regional natural area public parks in Summit County, Ohio; Metro Parks)</subfield>
  </datafield>
</record>